975 1632
465 141 48 35 48

156 213 122 44 obligée
310 213 199 44 d’employer
546 223 66 23 une
650 211 170 46 pénitence

155 272 121 40 sévère,
297 272 132 42 n’ayant
451 284 47 31 pu
518 273 72 31 rien
618 272 128 32 obtenir
760 282 60 31 par

152 330 32 30 la
205 330 111 31 bonté.
342 330 89 32 Cette
465 329 112 32 enfant
601 332 63 29 alla
687 335 131 26 trouver

152 388 32 30 la
202 386 167 32 maîtresse
393 387 134 41 chargée
559 388 39 30 de
619 388 48 29 lui
693 386 126 42 infliger

152 445 31 29 la
208 445 179 40 punition;
418 444 145 39 celle-ci,
589 455 40 20 en
651 449 122 36 voyant
787 445 32 29 la

153 501 212 39 soumission,
398 500 175 32 l’humilité
609 501 210 43 d’Augustine

155 556 77 45 (qui
252 559 86 31 avait
368 557 70 33 l’air
461 559 39 31 de
528 560 68 33 dire
624 572 7 18 :
671 560 62 31 oh!
765 570 55 20 ma

152 615 89 32 mère
255 616 9 31 !
299 616 258 42 punissez-moi,
595 617 34 42 je
655 616 54 32 l’ai
741 617 78 30 bien

152 672 115 32 mérité
278 671 30 45 ),
338 685 42 20 ne
401 675 101 30 savait
528 675 26 30 si
577 675 60 30 elle
659 675 106 31 devait
779 686 40 20 en

152 731 90 31 venir
275 730 19 31 à
330 730 198 33 l’exécution
544 745 10 27 ;
589 732 82 30 mais
705 732 110 39 enfin,

150 793 139 37 pensant
305 799 64 31 que
392 790 71 30 cela
483 790 150 41 pourrait
656 788 67 32 être
737 789 81 31 utile

152 843 19 32 à
193 844 158 41 l’enfant,
387 847 60 31 elle
488 847 30 30 le
555 846 49 31 fit.
640 846 177 42 Augustine

152 902 136 32 exécuta
310 914 35 21 ce
372 914 64 31 que
464 903 67 32 l’on
554 905 137 41 exigeait
705 904 109 39 d’elle,

153 965 32 25 et
211 961 69 29 loin
317 960 151 32 d’éclater
503 973 40 20 en
577 963 164 40 sanglots,
774 972 41 21 en

151 1025 207 30 murmures,
393 1017 60 30 elle
476 1027 33 21 se
534 1017 109 31 rendit
659 1017 19 31 à
693 1019 32 29 la
740 1018 61 31 cha­

150 1074 85 41 pelle
248 1096 9 16 ,
280 1074 160 32 demanda
452 1076 128 41 pardon
601 1074 19 32 à
634 1076 100 39 Dieu,
752 1077 67 41 prit

151 1131 33 30 la
211 1129 180 39 résolution
431 1132 39 34 de
504 1133 140 41 changer
675 1133 120 32 entière­

153 1193 91 26 ment
277 1188 39 31 de
350 1190 177 40 conduite,
566 1191 72 41 pria
671 1201 85 31 pour
785 1193 32 30 la

151 1243 165 34 maîtresse
349 1248 58 41 qui
436 1248 107 32 devait
566 1249 252 32 naturellement

152 1303 48 32 lui
224 1301 141 45 paraître
394 1315 47 22 un
467 1316 66 33 peu
569 1305 110 34 sévère
713 1306 18 31 à
757 1317 60 22 son
