1022 1659
502 137 49 34 14

188 212 133 41 lorsque
353 222 34 21 sa
409 211 121 43 grande
556 209 136 35 vivacité
706 209 48 33 lui
773 210 85 32 avait

189 267 58 32 fait
271 274 193 27 commettre
487 270 142 41 quelque
644 269 105 38 faute,
768 268 89 41 quel-

191 325 258 42 qu’étourderie,
474 328 182 41 cependant
678 327 78 31 bien
777 336 59 32 par­

192 385 177 31 donnables
384 385 20 31 à
426 396 59 21 son
510 386 56 41 âge
581 399 9 27 ;
613 387 59 31 elle
688 385 152 42 s’empres­

193 443 60 29 sait
280 443 39 31 de
348 444 46 30 les
428 443 132 42 réparer
591 449 31 26 et
652 444 128 41 prenait
820 443 39 31 de

193 501 165 30 nouvelles
388 499 214 42 résolutions;
628 501 82 30 mais
733 499 127 32 bientôt

192 557 148 31 oubliant
367 567 49 21 ses
447 567 199 32 promesses,
683 557 176 41 Augustine

191 624 41 20 ne
252 614 119 31 tardait
397 615 95 41 point
518 614 19 30 à
563 615 109 30 laisser
699 613 161 43 échapper

193 670 39 32 de
264 672 166 31 nouvelles
455 672 117 30 saillies
609 672 39 30 de
673 671 159 31 caractère
849 693 10 16 ,

192 728 62 31 soit
277 738 112 22 envers
417 739 48 20 ses
489 739 212 31 compagnes,
732 729 62 30 soit
808 738 40 21 en­

194 795 71 21 vers
303 796 50 20 ses
387 784 181 33 maîtresses
604 798 8 18 :
645 786 76 30 telle
757 784 50 31 fut
831 785 32 30 la

196 842 152 31 conduite
373 842 209 42 d’Augustine
605 843 79 30 dans
710 852 48 20 ses
777 842 86 30 deux

194 899 175 42 premières
385 898 130 32 années.
539 899 38 31 Sa
594 898 185 39 maîtresse,
806 898 58 40 qui

195 954 134 32 l’aimait
341 966 75 21 avec
436 956 169 41 beaucoup
627 956 38 30 de
680 955 181 38 tendresse,

198 1013 78 30 était
297 1013 125 31 désolée
446 1014 39 29 de
512 1014 69 30 voir
602 1013 26 30 si
649 1023 65 30 peu
744 1007 103 35 d’amé­

196 1070 153 30 lioration
376 1071 79 29 dans
477 1070 30 30 le
540 1068 160 32 caractère
735 1069 39 30 de
807 1079 59 20 son

202 1127 98 31 élève.
322 1127 101 42 Après
458 1128 90 30 avoir
576 1126 109 42 épuisé
717 1137 41 20 en
791 1127 76 31 vain

199 1190 73 25 tous
303 1185 45 30 les
379 1194 136 31 moyens
552 1185 39 30 de
621 1185 159 38 douceur,
808 1185 60 30 elle

200 1243 125 42 appelle
363 1241 181 42 Augustine
586 1253 40 20 en
660 1247 125 35 secret,
820 1241 47 31 lui

202 1302 92 42 peint
332 1301 197 38 doucemept
567 1311 34 21 sa
638 1300 96 44 peine
769 1297 99 37 d’être
