968 1624
624 1365 16 18 a

444 139 48 32 17

136 223 48 22 ses
204 222 194 34 compagnes
416 212 49 32 lui
482 217 98 37 ayant
596 212 47 32 dit
660 212 142 42 quelque

138 272 95 31 chose
255 271 38 31 de
321 271 239 42 désobligeant,
586 269 137 33 aussitôt
740 272 61 32 elle

136 329 71 31 leva
228 329 32 30 la
277 330 90 29 main
389 339 85 32 pour
498 330 32 30 la
550 328 129 42 frapper
694 342 9 26 ;
723 329 83 30 mais

136 393 148 26 rentrant
302 386 135 32 aussitôt
452 399 41 20 en
513 386 205 39 elle-même,
746 388 60 30 elle

137 445 105 31 baissa
277 447 32 28 la
351 446 91 29 main
480 450 74 26 tout
590 445 195 33 doucement
795 458 9 22 ;

136 502 89 42 puis,
243 507 173 26 racontant
438 513 36 20 ce
493 503 83 42 petit
599 503 78 31 trait
700 501 20 32 à
741 513 65 21 une

138 560 39 32 de
202 571 48 20 ses
272 561 119 38 amies,
419 561 59 31 elle
503 561 48 30 lui
572 561 48 31 dit
641 573 7 17 :
671 560 130 41 Yoyez,

138 617 154 40 Pauline,
316 627 127 24 comme
463 619 33 41 je
514 618 65 31 suis
606 616 195 32 méchante!

182 765 66 31 Elle
272 764 105 32 faisait
398 769 74 27 tout
493 776 35 21 ce
552 765 57 41 qui
633 763 173 43 dépendait

139 822 91 31 d’elle
259 833 85 31 pour
374 828 172 26 contenter
588 833 48 20 ses
671 832 117 31 compa­

138 890 76 31 gnes
244 885 32 26 et
308 881 71 30 leur
416 880 80 31 faire
521 880 111 42 plaisir
644 892 9 27 ;
684 880 60 30 elle
774 890 33 20 se

135 937 119 42 prêtait
275 939 176 31 volontiers
482 938 19 31 à
522 943 74 27 tout
617 949 36 20 ce
676 936 131 43 qu’elles

136 995 179 41 exigeaient
353 994 115 39 d’elle,
510 995 46 30 les
592 995 98 29 aidait
724 994 82 30 dans

135 1053 87 31 leurs
243 1053 98 42 petits
357 1062 154 32 ouvrages
527 1062 75 21 avec
618 1062 65 20 une
707 1050 94 43 grâce

139 1112 58 41 qui
226 1121 42 20 ne
303 1111 121 30 laissait
461 1110 186 42 apercevoir
674 1119 66 31 que
764 1109 45 31 du

138 1169 111 43 plaisir
274 1168 81 32 dans
375 1173 74 26 tous
470 1169 46 30 les
539 1167 136 32 services
692 1165 116 43 qu’elle

137 1228 71 30 leur
218 1226 127 31 rendait
360 1239 9 27 ;
388 1227 59 30 elle
473 1224 77 32 était
566 1225 38 31 de
628 1229 73 26 tous
723 1225 86 30 leurs

138 1284 80 44 jeux
244 1289 32 26 et
302 1283 39 32 de
357 1288 109 27 toutes
492 1283 88 31 leurs
594 1280 213 40 récréations,
