1004 1630
462 144 45 31 10

146 215 143 32 recevoir
314 215 200 42 long-temps
531 224 47 22 ses
593 215 110 40 leçons
716 237 9 17 ,
749 215 59 31 elle

147 271 118 33 n’avait
294 283 115 21 encore
438 283 63 31 que
528 278 115 35 quatre
660 283 56 20 ans
729 273 66 31 lors­

150 329 80 42 qu’il
245 336 145 25 mourut.
410 330 111 31 Restée
535 341 100 20 veuve
650 331 39 30 de
703 331 109 31 bonne

150 388 118 38 heure,
305 387 149 32 madame
497 386 83 33 P.**
604 399 41 21 ne
672 388 144 43 négligea

150 445 71 31 rien
256 455 87 31 pour
375 446 138 41 inspirer
543 445 19 30 à
592 456 34 20 sa
654 446 65 30 fille
760 447 55 30 des

151 503 189 30 sentiments
378 503 38 30 de
450 502 99 42 piété.
587 501 126 32 Retirée
739 502 16 31 à
785 504 31 30 la

151 570 175 31 campagne
347 570 76 21 avec
439 570 66 20 une
521 560 195 31 belle-sœur
731 562 85 30 aussi

151 623 167 26 vertueuse
348 616 138 43 qu’elle,
518 618 60 31 elle
613 629 40 20 ne
688 618 129 32 désirait

151 675 69 31 rien
241 679 70 26 tant
339 685 63 30 que
429 675 39 31 de
506 675 69 31 voir
594 675 114 41 régner
738 676 79 31 dans

153 743 58 21 son
228 732 71 31 âme
327 731 138 32 l’amour
491 733 38 30 de
555 732 81 31 Dieu
662 738 32 25 et
720 732 83 33 l’hor­

151 801 76 20 reur
259 790 45 30 du
326 790 84 31 vice.
437 790 66 30 Elle
530 800 32 20 se
589 791 129 30 mettait
733 790 19 31 à
781 802 34 20 sa

153 846 135 43 portée,
330 847 118 42 parlait
490 856 57 21 son
588 847 154 41 langage,
776 859 40 20 ne

152 905 121 30 laissait
291 904 160 42 échapper
469 914 126 21 aucune
611 904 148 32 occasion
778 905 39 32 de

154 962 46 31 lui
225 963 106 41 parler
370 962 38 30 de
431 960 82 32 Dieu
537 966 31 26 et
594 961 39 31 de
659 972 33 19 sa
714 961 101 32 bonté

153 1028 84 32 pour
276 1018 45 30 les
349 1016 123 32 enfants
511 1018 58 40 qui
600 1017 145 32 l’aiment
779 1020 39 31 de

154 1080 73 26 tout
261 1075 70 31 leur
369 1085 103 19 cœur.
502 1074 62 31 Des
596 1075 111 39 leçons
735 1077 84 31 aussi

155 1144 87 31 sages
259 1155 10 17 ,
301 1133 53 30 des
377 1133 110 38 leçons
502 1133 112 31 sorties
630 1134 38 31 de
690 1135 31 30 la
737 1135 67 32 bou­

156 1192 59 30 che
238 1190 95 33 d’une
356 1190 87 31 mère
463 1190 106 32 chérie
586 1202 40 20 ne
639 1191 107 32 furent
760 1204 57 31 pas

155 1250 130 32 inutiles
293 1262 9 27 ;
315 1249 90 33 telles
420 1247 119 43 qu’une
551 1248 107 35 bonne
671 1260 146 24 semence

152 1308 85 47 jetée
271 1308 79 35 dans
376 1318 64 25 une
467 1308 107 35 bonne
606 1314 102 38 terre,
742 1309 75 37 elles
