1026 1637
479 132 48 36 12

166 206 32 31 la
213 205 176 33 mettaient
413 205 78 33 hors
512 204 228 34 d’elle-même.
768 204 65 33 Son

168 263 160 32 caractère
362 259 50 36 fut
437 273 85 33 pour
549 264 59 31 elle
631 262 37 33 le
685 263 149 42 principe

168 321 97 32 d’une
286 319 126 33 infinité
438 319 158 41 d’efforts,
626 321 39 31 de
689 320 146 32 combats

168 383 32 27 et
215 379 39 30 de
274 379 163 31 victoires.
457 378 43 31 Le
515 378 155 32 réformer
689 378 49 32 fut
754 378 81 31 dans

167 436 32 30 la
220 436 83 30 suite
323 446 34 20 sa
384 436 86 30 seule
492 436 117 41 pensée
627 441 32 26 et
677 446 58 21 son
761 436 59 30 uni­

169 503 63 31 que
266 494 216 41 occupation,
525 498 32 26 et
592 503 81 22 nous
701 503 132 22 verrons

169 556 164 26 comment
346 552 59 30 elle
420 562 40 21 en
469 557 51 25 sut
531 552 133 41 profiter
678 562 84 32 pour
774 562 58 21 son

169 615 209 26 avancement
404 610 78 30 dans
506 610 31 30 la
563 616 105 25 vertu.
694 610 26 31 A
750 616 82 26 cette

167 666 171 42 pétulance
347 666 175 42 Augustine
530 668 10 41 j
547 668 120 41 oignait
676 679 44 19 un
733 668 101 40 grand

169 724 92 31 fonds
288 724 39 31 de
353 722 109 44 piété,
489 729 32 26 et
546 723 106 32 c’était
669 724 32 30 là
723 735 35 20 ce
775 724 57 40 qui

170 783 165 39 étonnait;
371 781 72 43 déjà
475 783 60 30 elle
562 781 77 32 était
668 782 163 31 recueillie

170 840 78 30 dans
282 850 48 20 ses
354 839 141 41 prières,
536 844 31 26 et
599 850 33 20 se
659 840 107 31 livrait
791 850 43 20 au

168 897 115 31 travail
304 906 75 21 avec
398 896 128 31 ardeur.
555 896 66 31 Elle
644 897 85 31 avait
748 897 86 31 deux

168 953 96 31 frères
297 952 19 31 à
342 963 66 31 peu
441 953 73 42 près
549 954 44 30 du
626 953 107 32 même
777 953 57 42 âge

170 1010 134 42 qu’elle;
328 1011 60 30 elle
414 1011 153 30 rivalisait
597 1021 75 21 avec
698 1022 63 19 eux
795 1012 39 30 de

170 1067 66 30 zèle
261 1071 32 26 et
316 1067 39 29 de
379 1076 155 31 courage,
562 1073 31 25 et
612 1068 45 30 les
673 1068 162 31 exhortait

171 1124 18 29 à
208 1123 77 31 bien
306 1123 161 31 travailler
488 1129 31 25 et
544 1123 17 31 à
584 1124 76 32 bien
683 1126 100 32 aimer
803 1127 31 30 le

170 1180 67 31 bon
256 1180 93 31 Dieu.
376 1180 38 31 Sa
441 1180 104 40 mère,
576 1183 56 39 qui
659 1184 108 40 voyait
800 1194 33 20 se

172 1237 193 43 développer
387 1249 40 20 en
451 1239 59 31 elle
527 1239 116 32 d’aussi
660 1241 173 31 heureuses

172 1296 224 44 dispositions,
433 1307 45 22 un
512 1296 78 44 goût
615 1298 26 32 si
667 1297 166 45 prononcé
